@book{Bjorn.2017.pushturnmove,
title={Push Turn Move},
author={Bj{\o}rn, Kim},
year={2017},
publisher={Bjooks}
}
@book{Brilmayer.et.al.2018.goodvibrations,
title={Good Vibrations: Eine Geschichte der elektronischen Musikinstrumente / A History of Electronic Musical Instruments},
author={Brilmayer, Benedikt and Hardjowirogo, Sarah-Indriyati and Restle, Conny},
year={2018},
publisher={Deutscher Kunstverlag}
}
@book{Preece.et.al.2015.ic-book,
title={Interaction Design: Bbeyond Human-Computer Interaction},
author={Preece, Jenny and Rogers, Yvonne and Sharp, Helen},
year={2015},
publisher={John Wiley \& Sons}
}
@book{Harper.et.al.2008.being,
title={Being Human: Human-Computer Interaction in the Year 2020},
author={Harper, Richard and Rodden, T and Rogers, Yvonne and Sellen, Abigail},
year={2008},
publisher={Microsoft Research Ltd}
}